@inproceedings{amdahl,
  author    = {Amdahl, Gene M.},
  title     = {Validity of the Single Processor Approach to Achieving Large Scale Computing Capabilities},
  year      = {1967},
  isbn      = {9781450378956},
  publisher = {Association for Computing Machinery},
  address   = {New York, NY, USA},
  url       = {https://doi.org/10.1145/1465482.1465560},
  doi       = {10.1145/1465482.1465560},
  booktitle = {Proceedings of the April 18-20, 1967, Spring Joint Computer Conference},
  pages     = {483â€“485},
  numpages  = {3},
  location  = {Atlantic City, New Jersey},
  series    = {AFIPS '67 (Spring)}
}

@article{BGK,
  title     = {A Model for Collision Processes in Gases. I. Small Amplitude Processes in Charged and Neutral One-Component Systems},
  author    = {Bhatnagar, P. L. and Gross, E. P. and Krook, M.},
  journal   = {Phys. Rev.},
  volume    = {94},
  issue     = {3},
  pages     = {511--525},
  numpages  = {0},
  year      = {1954},
  month     = {5},
  publisher = {American Physical Society},
  doi       = {10.1103/PhysRev.94.511},
  url       = {https://link.aps.org/doi/10.1103/PhysRev.94.511}
}

@article{McNamara1988LBM,
  title     = {Use of the Boltzmann Equation to Simulate Lattice-Gas Automata},
  author    = {McNamara, Guy R. and Zanetti, Gianluigi},
  journal   = {Phys. Rev. Lett.},
  volume    = {61},
  issue     = {20},
  pages     = {2332--2335},
  numpages  = {0},
  year      = {1988},
  month     = {11},
  publisher = {American Physical Society},
  doi       = {10.1103/PhysRevLett.61.2332},
  url       = {https://link.aps.org/doi/10.1103/PhysRevLett.61.2332}
}

@book{mohamad2019,
  title     = {Lattice Boltzmann Method},
  subtitle  = {Fundamentals and Engineering Applications with Computer Codes},
  publisher = {Springer London},
  author    = {Mohamad, A. A.},
  year      = {2019},
  month     = {5},
  day       = {7},
  pagecount = {222},
  isbn      = {9781447174233},
  doi       = {10.1007/978-1-4471-7423-3},
  url       = {https://link.springer.com/book/10.1007/978-1-4471-7423-3}
}

@manual{MPI40,
  author = {{Message Passing Interface Forum}},
  title  = {{MPI}: A Message-Passing Interface Standard Version 4.0},
  url    = {https://www.mpi-forum.org/docs/mpi-4.0/mpi40-report.pdf},
  year   = {2021},
  month  = {6}
}

@article{mpi4py,
  author  = {Dalcin, Lisandro and Fang, Yao-Lung L.},
  doi     = {10.1109/mcse.2021.3083216},
  journal = {Computing in Science \& Engineering},
  number  = {4},
  pages   = {47--54},
  title   = {{mpi4py: Status Update After 12 Years of Development}},
  volume  = {23},
  year    = {2021}
}

@article{NumPy,
  title     = {Array programming with {NumPy}},
  author    = {Charles R. Harris and K. Jarrod Millman and St{\'{e}}fan J. van der Walt and Ralf Gommers and Pauli Virtanen and David Cournapeau and Eric Wieser and Julian Taylor and Sebastian Berg and Nathaniel J. Smith and Robert Kern and Matti Picus and Stephan Hoyer and Marten H. van Kerkwijk and Matthew Brett and Allan Haldane and Jaime Fern{\'{a}}ndez del R{\'{i}}o and Mark Wiebe and Pearu Peterson and Pierre G{\'{e}}rard-Marchant and Kevin Sheppard and Tyler Reddy and Warren Weckesser and Hameer Abbasi and Christoph Gohlke and Travis E. Oliphant},
  year      = {2020},
  month     = {9},
  journal   = {Nature},
  volume    = {585},
  number    = {7825},
  pages     = {357--362},
  doi       = {10.1038/s41586-020-2649-2},
  publisher = {Springer Science and Business Media {LLC}},
  url       = {https://doi.org/10.1038/s41586-020-2649-2}
}

@book{timm2016lattice,
  title     = {The lattice Boltzmann method: principles and practice},
  author    = {Timm, Kr{\"u}ger and Kusumaatmaja, H and Kuzmin, A and Shardt, O and Silva, G and Viggen, E},
  year      = {2016},
  publisher = {Springer: Berlin, Germany}
}

@article{zou1997,
  title     = {On pressure and velocity boundary conditions for the lattice Boltzmann BGK model},
  author    = {Zou, Qisu and He, Xiaoyi},
  journal   = {Physics of fluids},
  volume    = {9},
  number    = {6},
  pages     = {1591--1598},
  year      = {1997},
  publisher = {American Institute of Physics},
  doi       = {10.1063/1.869307},
  url       = {https://doi.org/10.1063/1.869307}
}
